@conference{efron:retrieval,
	AUTHOR = {Efron, Miles},
	TITLE = "Hashtag retrieval in a microblogging environment",
        BOOKTITLE = "Proceedings of the 33rd international ACM SIGIR conference on Research and development in information retrieval",
        ORGANIZATION = "ACM",
	YEAR = {2010},
        URL = "http://dl.acm.org/citation.cfm?id=1835616"
}

@conference{khabiri:predict,
	AUTHOR = {Khabiri, Elham, James Caverlee, and Krishna Y. Kamath},
	TITLE = "Predicting semantic annotations on the real-time web.",
        BOOKTITLE = "Proceedings of the 23rd ACM conference on Hypertext and social media",
        ORGANIZATION = "ACM",
	YEAR = {2012},
        URL = "http://dl.acm.org/citation.cfm?id=2310034"
}
@conference{tagspace,
	AUTHOR = {Weston, James, Sumit Chopra, and Keith Adams},
	TITLE = "\#TAGSPACE: Semantic Embeddings from Hashtags",
        BOOKTITLE = "EMPIRICAL METHODS IN NATURAL LANGUAGE PROCESSING (EMNLP) CONFERENCE",
	ORGANIZATION = "EMNLP",
	YEAR = {2014}	
}
